@misc{monorepo_definition, title={Monorepo}, url={https://en.wikipedia.org/wiki/Monorepo}, journal={Wikipedia}, publisher={Wikimedia Foundation}, year={2019}, month={Mar}}
@book{scott_2016, place={Greenwich}, title={SPA design and architecture: understanding single page web applications}, publisher={Manning}, author={Scott, Emmit}, year={2016}}


@misc{ctes, date={2019}, title={WITH Queries}, url={https://www.postgresql.org/docs/9.1/queries-with.html}, journal={PostgreSQL}, publisher={The PostgreSQL Global Development Group}}
@misc{ci, title={What is Continuous Integration? - Azure DevOps}, url={https://docs.microsoft.com/en-us/azure/devops/learn/what-is-continuous-integration}, journal={Azure DevOps | Microsoft Docs}, publisher={Microsoft}, author={Sam Guckenheimer}}